
@inproceedings{McSherry09,
  author        = {McSherry, Frank},
  title         = {Privacy Integrated Queries: An Extensible Platform for Privacy-Preserving Data Analysis},
  booktitle     = {Proceedings of the 2009 ACM SIGMOD International Conference on Management of Data},
  series        = {SIGMOD '09},
  year          = {2009},
  pages         = {19--30},
  publisher     = {ACM},
  address       = {New York, NY, USA}
}

@article{VEH14,
author = {Van Erven, Tim and Harremo\"es, Peter},
year = {2014},
month = {07},
pages = {3797-3820},
title = {R\'enyi Divergence and Kullback-Leibler Divergence},
volume = {60},
journal = {Information Theory, IEEE Transactions on},
doi = {10.1109/TIT.2014.2320500}
}

@article{GillAL13,
title = "R\'enyi divergence measures for commonly used univariate continuous distributions",
journal = "Information Sciences",
volume = "249",
pages = "124 - 131",
year = "2013",
issn = "0020-0255",
doi = "https://doi.org/10.1016/j.ins.2013.06.018",
url = "http://www.sciencedirect.com/science/article/pii/S0020025513004441",
author = "M. Gil and F. Alajaji and T. Linder"
}

@book{AnthonyB09,
 author = {Anthony, Martin and Bartlett, Peter L.},
 title = {Neural Network Learning: Theoretical Foundations},
 year = {2009},
 isbn = {052111862X, 9780521118620},
 edition = {1st},
 publisher = {Cambridge University Press},
 address = {New York, NY, USA},
}

@InProceedings{BassilyMNSY18,
  title = 	 {Learners that Use Little Information},
  author = 	 {Raef Bassily and Shay Moran and Ido Nachum and Jonathan Shafer and Amir Yehudayoff},
  booktitle = 	 {Proceedings of Algorithmic Learning Theory},
  pages = 	 {25--55},
  year = 	 {2018},
  editor = 	 {Firdaus Janoos and Mehryar Mohri and Karthik Sridharan},
  volume = 	 {83},
  series = 	 {Proceedings of Machine Learning Research},
  address = 	 {},
  month = 	 {07--09 Apr},
  publisher = 	 {PMLR},
  pdf = 	 {http://proceedings.mlr.press/v83/bassily18a/bassily18a.pdf},
  url = 	 {http://proceedings.mlr.press/v83/bassily18a.html}
}
@article{NachumY18,
  title={Average-Case Information Complexity of Learning},
  author={Nachum, Ido and Yehudayoff, Amir},
  journal={arXiv preprint arXiv:1811.09923},
  year={2018}
}
@article{NachumSY18,
  title={A direct sum result for the information complexity of learning},
  author={Nachum, Ido and Shafer, Jonathan and Yehudayoff, Amir},
  journal={arXiv preprint arXiv:1804.05474},
  year={2018}
}

@inproceedings{BassilyNSSSU16,
 author = {Bassily, Raef and Nissim, Kobbi and Smith, Adam and Steinke, Thomas and Stemmer, Uri and Ullman, Jonathan},
 title = {Algorithmic Stability for Adaptive Data Analysis},
 booktitle = {Proceedings of the Forty-eighth Annual ACM Symposium on Theory of Computing},
 series = {STOC '16},
 year = {2016},
 isbn = {978-1-4503-4132-5},
 location = {Cambridge, MA, USA},
 pages = {1046--1059},
 numpages = {14},
 url = {http://doi.acm.org/10.1145/2897518.2897566},
 doi = {10.1145/2897518.2897566},
 acmid = {2897566},
 publisher = {ACM},
 address = {New York, NY, USA},
 keywords = {Adaptivity, Data Analysis, Differential Privacy, Generalization, Stability, Statistics},
}
@article{EspositoGI19,
  title={A new approach to adaptive data analysis and learning via maximal leakage},
  author={Esposito, Amedeo Roberto and Gastpar, Michael and Issa, Ibrahim},
  journal={arXiv preprint arXiv:1903.01777},
  year={2019}
}

@book{CoverT06,
 author = {Cover, Thomas M. and Thomas, Joy A.},
 title = {Elements of Information Theory (Wiley Series in Telecommunications and Signal Processing)},
 year = {2006},
 isbn = {0471241954},
 publisher = {Wiley-Interscience},
 address = {New York, NY, USA},
}

@inproceedings{DworkMNS06,
 author = {Dwork, Cynthia and McSherry, Frank and Nissim, Kobbi and Smith, Adam},
 title = {Calibrating Noise to Sensitivity in Private Data Analysis},
 booktitle = {Proceedings of the Third Conference on Theory of Cryptography},
 series = {TCC'06},
 year = {2006},
 isbn = {3-540-32731-2, 978-3-540-32731-8},
 location = {New York, NY},
 pages = {265--284},
 numpages = {20},
 url = {http://dx.doi.org/10.1007/11681878_14},
 doi = {10.1007/11681878_14},
 acmid = {2180305},
 publisher = {Springer-Verlag},
 address = {Berlin, Heidelberg},
}

@InProceedings{FeldmanS18a,
  title = 	 {Calibrating Noise to Variance in Adaptive Data Analysis},
  author = 	 {Feldman, Vitaly and Steinke, Thomas},
  booktitle = 	 {Proceedings of the 31st  Conference On Learning Theory},
  pages = 	 {535--544},
  year = 	 {2018},
  editor = 	 {Bubeck, S\'ebastien and Perchet, Vianney and Rigollet, Philippe},
  volume = 	 {75},
  series = 	 {Proceedings of Machine Learning Research},
  address = 	 {},
  month = 	 {06--09 Jul},
  publisher = 	 {PMLR},
  pdf = 	 {http://proceedings.mlr.press/v75/feldman18a/feldman18a.pdf},
  url = 	 {http://proceedings.mlr.press/v75/feldman18a.html}
}

@TECHREPORT{LittlestoneW86,
    author = {Nick Littlestone and Manfred K. Warmuth},
    title = {Relating Data Compression and Learnability},
    institution = {},
    year = {1986}
}

@article{RaginskyRTWX16,
  title={Information-theoretic analysis of stability and bias of learning algorithms},
  author={Maxim Raginsky and Alexander Rakhlin and Matthew Tsao and Yihong Wu and Aolin Xu},
  journal={2016 IEEE Information Theory Workshop (ITW)},
  year={2016},
  pages={26-30}
}

@book{Gray11,
  title={Entropy and information theory},
  author={Gray, Robert M},
  year={2011},
  publisher={Springer},
  url = {https://ee.stanford.edu/~gray/it.html},
}

@article{Hoeffding63,
  title={Probability inequalities for sums of bounded random variables. j. amer. statist. assoc. 58},
  author={Hoeffding, W},
  year={1963}
}

@article{McDiarmid89,
  title={On the method of bounded differences},
  author={McDiarmid, Colin},
  journal={Surveys in combinatorics},
  volume={141},
  number={1},
  pages={148--188},
  year={1989},
  publisher={Norwich}
}

@article{Steele86,
  doi = {10.1214/aos/1176349952},
  url = {https://doi.org/10.1214/aos/1176349952},
  year = {1986},
  month = jun,
  publisher = {Institute of Mathematical Statistics},
  volume = {14},
  number = {2},
  pages = {753--758},
  author = {J. Michael Steele},
  title = {An Efron-Stein Inequality for Nonsymmetric Statistics},
  journal = {The Annals of Statistics}
}
@article{DonskerV75,
  title={Asymptotic evaluation of certain Markov process expectations for large time, I},
  author={Donsker, Monroe D and Varadhan, SR Srinivasa},
  journal={Communications on Pure and Applied Mathematics},
  volume={28},
  number={1},
  pages={1--47},
  year={1975},
  publisher={Wiley Online Library}
}

@techreport{vanHandel14,
  title={Probability in high dimension},
  author={van Handel, Ramon},
  year={2014},
  institution={PRINCETON UNIV NJ}
}

@book{Gibbs02,
  title={Elementary principles in statistical mechanics: developed with especial reference to the rational foundation of thermodynamics},
  author={Gibbs, Josiah Willard},
  year={1902},
  publisher={C. Scribner's sons}
}

@book{KearnsV94,
  title={An introduction to computational learning theory},
  author={Kearns, Michael J and Vazirani, Umesh Virkumar and Vazirani, Umesh},
  year={1994},
  publisher={MIT press}
}
@article{KearnsS94,
  title={Efficient distribution-free learning of probabilistic concepts},
  author={Kearns, Michael J and Schapire, Robert E},
  journal={Journal of Computer and System Sciences},
  volume={48},
  number={3},
  pages={464--497},
  year={1994},
  publisher={Elsevier}
}

@inproceedings{Valiant84,
  title={A theory of the learnable},
  author={Valiant, Leslie G},
  booktitle={Proceedings of the sixteenth annual ACM symposium on Theory of computing},
  pages={436--445},
  year={1984},
  organization={ACM}
}

@article{VapnikC71,
  doi = {10.1137/1116025},
  url = {https://doi.org/10.1137/1116025},
  year = {1971},
  month = jan,
  publisher = {Society for Industrial {\&} Applied Mathematics ({SIAM})},
  volume = {16},
  number = {2},
  pages = {264--280},
  author = {V. N. Vapnik and A. Ya. Chervonenkis},
  title = {On the Uniform Convergence of Relative Frequencies of Events to Their Probabilities},
  journal = {Theory of Probability {\&} Its Applications}
}

@article{Talagrand94,
  title={Sharper bounds for Gaussian and empirical processes},
  author={Talagrand, Michel},
  journal={The Annals of Probability},
  volume={22},
  number={1},
  pages={28--76},
  year={1994},
  publisher={Institute of Mathematical Statistics}
}

@article{Haussler92,
  title={Decision theoretic generalizations of the PAC model for neural net and other learning applications},
  author={Haussler, David},
  journal={Information and computation},
  volume={100},
  number={1},
  pages={78--150},
  year={1992},
  publisher={Elsevier}
}

@inproceedings{Shalev-ShwarzSSS09,
  title={Stochastic Convex Optimization.},
  author={Shalev-Shwartz, Shai and Shamir, Ohad and Srebro, Nathan and Sridharan, Karthik},
  booktitle={COLT},
  year={2009}
}

@inproceedings{Feldman16,
  title={Generalization of erm in stochastic convex optimization: The dimension strikes back},
  author={Feldman, Vitaly},
  booktitle={Advances in Neural Information Processing Systems},
  pages={3576--3584},
  year={2016}
}

@article{BartlettLW96,
  title={Fat-shattering and the learnability of real-valued functions},
  author={Bartlett, Peter L and Long, Philip M and Williamson, Robert C},
  journal={journal of computer and system sciences},
  volume={52},
  number={3},
  pages={434--452},
  year={1996},
  publisher={Elsevier}
}

@article{AlonBCH97,
  title={Scale-sensitive dimensions, uniform convergence, and learnability},
  author={Alon, Noga and Ben-David, Shai and Cesa-Bianchi, Nicolo and Haussler, David},
  journal={Journal of the ACM (JACM)},
  volume={44},
  number={4},
  pages={615--631},
  year={1997},
  publisher={ACM}
}

@article{RogersW78,
  title={A finite sample distribution-free performance bound for local discrimination rules},
  author={Rogers, William H and Wagner, Terry J},
  journal={The Annals of Statistics},
  pages={506--514},
  year={1978},
  publisher={JSTOR}
}
@article{DevroyeW79a,
  title={Distribution-free performance bounds for potential function rules},
  author={Devroye, Luc and Wagner, Terry},
  journal={IEEE Transactions on Information Theory},
  volume={25},
  number={5},
  pages={601--604},
  year={1979},
  publisher={IEEE}
}
@article{DevroyeW79b,
  title={Distribution-free inequalities for the deleted and holdout error estimates},
  author={Devroye, Luc and Wagner, Terry},
  journal={IEEE Transactions on Information Theory},
  volume={25},
  number={2},
  pages={202--207},
  year={1979},
  publisher={IEEE}
}
@article{KearnsR97,
  title={Algorithmic stability and sanity-check bounds for leave-one-out cross-validation},
  author={Kearns, Michael and Ron, Dana},
  journal={Neural computation},
  volume={11},
  number={6},
  pages={1427--1453},
  year={1999},
  publisher={MIT Press}
}
@article{BousquetE02,
  title={Stability and generalization},
  author={Bousquet, Olivier and Elisseeff, Andr{\'e}},
  journal={Journal of machine learning research},
  volume={2},
  number={Mar},
  pages={499--526},
  year={2002}
}
@article{HardtRS16,
  title={Train faster, generalize better: Stability of stochastic gradient descent},
  author={Hardt, Moritz and Recht, Ben and Singer, Yoram},
  booktitle={International Conference on Machine Learning},
  pages={1225--1234},
  year={2016}
}
@inproceedings{FeldmanV18,
  title={Generalization bounds for uniformly stable algorithms},
  author={Feldman, Vitaly and Vondrak, Jan},
  booktitle={Advances in Neural Information Processing Systems},
  pages={9747--9757},
  year={2018}
}
@article{FeldmanV19,
  title={High probability generalization bounds for uniformly stable algorithms with nearly optimal rate},
  author={Feldman, Vitaly and Vondr{\'a}k, Jan},
  journal={arXiv preprint arXiv:1902.10710},
  year={2019}
}

@article{BirnbaumK57,
  title={Bounds for the variance of the Mann-Whitney statistic},
  author={Birnbaum, Zygmund William and Klose, Orval M},
  journal={The Annals of Mathematical Statistics},
  volume={28},
  number={4},
  pages={933--945},
  year={1957},
  publisher={Institute of Mathematical Statistics}
}

@article{JungLNRSS19,
  title={A New Analysis of Differential Privacy's Generalization Guarantees},
  author={Jung, Christopher and Ligett, Katrina and Neel, Seth and Roth, Aaron and Sharifi-Malvajerdi, Saeed and Shenfeld, Moshe},
  journal={arXiv preprint arXiv:1909.03577},
  year={2019}
}
@inproceedings{DworkFHPRR15,
  title={Preserving statistical validity in adaptive data analysis},
  author={Dwork, Cynthia and Feldman, Vitaly and Hardt, Moritz and Pitassi, Toniann and Reingold, Omer and Roth, Aaron Leon},
  booktitle={Proceedings of the forty-seventh annual ACM symposium on Theory of computing},
  pages={117--126},
  year={2015},
  organization={ACM}
}

@InProceedings{RussoZ16,
  title = 	 {Controlling Bias in Adaptive Data Analysis Using Information Theory},
  author = 	 {Daniel Russo and James Zou},
  booktitle = 	 {Proceedings of the 19th International Conference on Artificial Intelligence and Statistics},
  pages = 	 {1232--1240},
  year = 	 {2016},
  editor = 	 {Arthur Gretton and Christian C. Robert},
  volume = 	 {51},
  series = 	 {Proceedings of Machine Learning Research},
  address = 	 {Cadiz, Spain},
  month = 	 {09--11 May},
  publisher = 	 {PMLR},
  pdf = 	 {http://proceedings.mlr.press/v51/russo16.pdf},
  url = 	 {http://proceedings.mlr.press/v51/russo16.html},
  abstract = 	 {Modern big data settings often involve messy, high-dimensional data, where it is not clear a priori what are the right questions to ask. To extract the most insights from a dataset, the analyst typically needs to engage in an iterative process of adaptive data analysis. The choice of analytics to be performed next depends on the results of the previous analyses on the same data. It is commonly recognized that such adaptivity (also called researcher degrees of freedom), even if well-intentioned, can lead to false discoveries, contributing to the crisis of reproducibility in science. In this paper, we propose a general information-theoretic framework to quantify and provably bound the bias of arbitrary adaptive analysis process. We prove that our mutual information based bound is tight in natural models. We show how this framework can give rigorous insights into when commonly used feature selection protocols (e.g. rank selection) do and do not lead to biased estimation. We also show how recent insights from differential privacy emerge from this framework when the analyst is assumed to be adversarial, though our bounds applies in more general settings. We illustrate our results with simple simulations.}
}
@inproceedings{RogersRST16,
  title={Max-information, differential privacy, and post-selection hypothesis testing},
  author={Rogers, Ryan and Roth, Aaron and Smith, Adam and Thakkar, Om},
  booktitle={2016 IEEE 57th Annual Symposium on Foundations of Computer Science (FOCS)},
  pages={487--494},
  year={2016},
  organization={IEEE}
}
@article{Smith17,
  title={Information, privacy and stability in adaptive data analysis},
  author={Smith, Adam},
  journal={arXiv preprint arXiv:1706.00820},
  year={2017}
}
@inproceedings{XuR17,
  title={Information-theoretic analysis of generalization capability of learning algorithms},
  author={Xu, Aolin and Raginsky, Maxim},
  booktitle={Advances in Neural Information Processing Systems},
  pages={2524--2533},
  year={2017}
}
@inproceedings{DworkFHPRR15b,
  title={Generalization in adaptive data analysis and holdout reuse},
  author={Dwork, Cynthia and Feldman, Vitaly and Hardt, Moritz and Pitassi, Toni and Reingold, Omer and Roth, Aaron},
  booktitle={Advances in Neural Information Processing Systems},
  pages={2350--2358},
  year={2015}
}
@article{Alabdulmohsin16,
  title={Uniform Generalization, Concentration, and Adaptive Learning},
  author={Alabdulmohsin, Ibrahim},
  journal={arXiv preprint arXiv:1608.06072},
  year={2016}
}

@inproceedings{BunS16,
  title={Concentrated differential privacy: Simplifications, extensions, and lower bounds},
  author={Bun, Mark and Steinke, Thomas},
  booktitle={Theory of Cryptography Conference},
  pages={635--658},
  year={2016},
  organization={Springer}
}
@inproceedings{McGregorMPRTV10,
  title={The limits of two-party differential privacy},
  author={McGregor, Andrew and Mironov, Ilya and Pitassi, Toniann and Reingold, Omer and Talwar, Kunal and Vadhan, Salil},
  booktitle={2010 IEEE 51st Annual Symposium on Foundations of Computer Science},
  pages={81--90},
  year={2010},
  organization={IEEE}
}

@inproceedings{CummingsLNRW16,
  title={Adaptive learning with robust generalization guarantees},
  author={Cummings, Rachel and Ligett, Katrina and Nissim, Kobbi and Roth, Aaron and Wu, Zhiwei Steven},
  booktitle={Conference on Learning Theory},
  pages={772--814},
  year={2016}
}

@article{BanerjeeMDG05,
  title={Clustering with Bregman divergences},
  author={Banerjee, Arindam and Merugu, Srujana and Dhillon, Inderjit S and Ghosh, Joydeep},
  journal={Journal of machine learning research},
  volume={6},
  number={Oct},
  pages={1705--1749},
  year={2005},
  url={http://www.jmlr.org/papers/v6/banerjee05b.html},
}
@article{FrigyikSG08,
  title={Functional Bregman divergence and Bayesian estimation of distributions},
  author={Frigyik, B{\'e}la A and Srivastava, Santosh and Gupta, Maya R},
  journal={IEEE Transactions on Information Theory},
  volume={54},
  number={11},
  pages={5130--5139},
  year={2008},
  publisher={IEEE},
  url={https://arxiv.org/abs/cs/0611123},
}
@article{ZhuDW21,
  title={Optimal Accounting of Differential Privacy via Characteristic Function},
  author={Zhu, Yuqing and Dong, Jinshuo and Wang, Yu-Xiang},
  journal={arXiv preprint arXiv:2106.08567},
  year={2021}
}
@inproceedings{HardtU14,
  title={Preventing false discovery in interactive data analysis is hard},
  author={Hardt, Moritz and Ullman, Jonathan},
  booktitle={2014 IEEE 55th Annual Symposium on Foundations of Computer Science},
  pages={454--463},
  year={2014},
  organization={IEEE}
}
@inproceedings{SteinkeU15,
  title={Interactive fingerprinting codes and the hardness of preventing false discovery},
  author={Steinke, Thomas and Ullman, Jonathan},
  booktitle={Conference on Learning Theory},
  pages={1588--1628},
  year={2015}
}

@inproceedings{DworkKMMN06,
  title={Our data, ourselves: Privacy via distributed noise generation},
  author={Dwork, Cynthia and Kenthapadi, Krishnaram and McSherry, Frank and Mironov, Ilya and Naor, Moni},
  booktitle={Annual International Conference on the Theory and Applications of Cryptographic Techniques},
  pages={486--503},
  year={2006},
  organization={Springer}
}

@article{NaorN90,
  title={Small-bias probability spaces: Efficient constructions and applications},
  author={Naor, Joseph and Naor, Moni},
  journal={SIAM journal on computing},
  volume={22},
  number={4},
  pages={838--856},
  year={1993},
  publisher={SIAM}
}

@article{Sauer72,
title = "On the density of families of sets",
journal = "Journal of Combinatorial Theory, Series A",
volume = "13",
number = "1",
pages = "145 - 147",
year = "1972",
issn = "0097-3165",
doi = "https://doi.org/10.1016/0097-3165(72)90019-2",
url = "http://www.sciencedirect.com/science/article/pii/0097316572900192",
author = "N. Sauer",
}
@article{Shelah72,
  title={A combinatorial problem; stability and order for models and theories in infinitary languages},
  author={Shelah, Saharon},
  journal={Pacific Journal of Mathematics},
  volume={41},
  number={1},
  pages={247--261},
  year={1972},
  publisher={Mathematical Sciences Publishers}
}
@article{Zermelo04,
  title={Beweis, da{\ss} jede Menge wohlgeordnet werden kann},
  author={Zermelo, Ernst},
  journal={Mathematische Annalen},
  volume={59},
  number={4},
  pages={514--516},
  year={1904},
  publisher={Springer}
}

@inproceedings{BunDRS18,
  title={Composable and versatile privacy via truncated CDP},
  author={Bun, Mark and Dwork, Cynthia and Rothblum, Guy N and Steinke, Thomas},
  booktitle={Proceedings of the 50th Annual ACM SIGACT Symposium on Theory of Computing},
  pages={74--86},
  year={2018}
}

@article{TishbyPB00,
  title={The information bottleneck method},
  author={Tishby, Naftali and Pereira, Fernando C and Bialek, William},
  journal={arXiv preprint physics/0004057},
  year={2000}
}
@inproceedings{AsadiAV18,
  title={Chaining mutual information and tightening generalization bounds},
  author={Asadi, Amir and Abbe, Emmanuel and Verd{\'u}, Sergio},
  booktitle={Advances in Neural Information Processing Systems},
  pages={7234--7243},
  year={2018}
}
@inproceedings{BuZV19,
  title={Tightening mutual information based bounds on generalization error},
  author={Bu, Yuheng and Zou, Shaofeng and Veeravalli, Venugopal V},
  booktitle={2019 IEEE International Symposium on Information Theory (ISIT)},
  pages={587--591},
  year={2019},
  organization={IEEE}
}
@inproceedings{WangLF16,
  title={On-average kl-privacy and its equivalence to generalization for max-entropy mechanisms},
  author={Wang, Yu-Xiang and Lei, Jing and Fienberg, Stephen E},
  booktitle={International Conference on Privacy in Statistical Databases},
  pages={121--134},
  year={2016},
  organization={Springer}
}
@inproceedings{NegreaHDKR19,
  title={Information-Theoretic Generalization Bounds for SGLD via Data-Dependent Estimates},
  author={Negrea, Jeffrey and Haghifam, Mahdi and Dziugaite, Gintare Karolina and Khisti, Ashish and Roy, Daniel M},
  booktitle={Advances in Neural Information Processing Systems},
  pages={11013--11023},
  year={2019}
}
@article{McAllester99,
  title={Some pac-bayesian theorems},
  author={McAllester, David A},
  journal={Machine Learning},
  volume={37},
  number={3},
  pages={355--363},
  year={1999},
  publisher={Springer}
}
@article{DaganF19,
  title={PAC learning with stable and private predictions},
  author={Dagan, Yuval and Feldman, Vitaly},
  journal={arXiv preprint arXiv:1911.10541},
  year={2019}
}
@article{EspositoGI20,
  title={Robust Generalization via $\alpha$-Mutual Information},
  author={Esposito, Amedeo Roberto and Gastpar, Michael and Issa, Ibrahim},
  journal={arXiv preprint arXiv:2001.06399},
  year={2020}
}

@inproceedings{NissimSSSU18,
  title={The limits of post-selection generalization},
  author={Nissim, Kobbi and Smith, Adam and Steinke, Thomas and Stemmer, Uri and Ullman, Jonathan},
  booktitle={Advances in Neural Information Processing Systems},
  pages={6400--6409},
  year={2018}
}
@inproceedings{LigettS19,
  title={A necessary and sufficient stability notion for adaptive generalization},
  author={Ligett, Katrina and Shenfeld, Moshe},
  booktitle={Advances in Neural Information Processing Systems},
  pages={11481--11490},
  year={2019}
}

@article{BartlettM02,
  title={Rademacher and Gaussian complexities: Risk bounds and structural results},
  author={Bartlett, Peter L and Mendelson, Shahar},
  journal={Journal of Machine Learning Research},
  volume={3},
  number={Nov},
  pages={463--482},
  year={2002}
}
@incollection{DevroyeGL96,
  title={Vapnik-Chervonenkis theory},
  author={Devroye, Luc and Gy{\"o}rfi, L{\'a}szl{\'o} and Lugosi, G{\'a}bor},
  booktitle={A Probabilistic Theory of Pattern Recognition},
  pages={187--213},
  year={1996},
  publisher={Springer}
}

@misc{IssaEG19,
    title={Strengthened Information-theoretic Bounds on the Generalization Error},
    author={Ibrahim Issa and Amedeo Roberto Esposito and Michael Gastpar},
    year={2019},
    eprint={1903.03787},
    archivePrefix={arXiv},
    primaryClass={cs.IT}
}

@article{Lin91,
  title={Divergence measures based on the Shannon entropy},
  author={Lin, Jianhua},
  journal={IEEE Transactions on Information theory},
  volume={37},
  number={1},
  pages={145--151},
  year={1991},
  publisher={IEEE}
}

@article{NegreaDR19,
  title={In Defense of Uniform Convergence: Generalization via derandomization with an application to interpolating predictors},
  author={Negrea, Jeffrey and Dziugaite, Gintare Karolina and Roy, Daniel M},
  journal={arXiv preprint arXiv:1912.04265},
  year={2019}
}

@misc{Lugosi20,
author={Gabor Lugosi},
year={2020},
month={February},
note={\url{https://twitter.com/lugosi_gabor/status/1230106553711198209}},
}