@inproceedings{holohanb21,
  author    = {Naoise Holohan and
               Stefano Braghin},
  editor    = {Elisa Bertino and
               Haya Shulman and
               Michael Waidner},
  title     = {Secure Random Sampling in Differential Privacy},
  booktitle = {Computer Security - {ESORICS} 2021 - 26th European Symposium on Research
               in Computer Security, Darmstadt, Germany, October 4-8, 2021, Proceedings,
               Part {II}},
  series    = {Lecture Notes in Computer Science},
  volume    = {12973},
  pages     = {523--542},
  publisher = {Springer},
  year      = {2021},
  url       = {https://doi.org/10.1007/978-3-030-88428-4_26},
  doi       = {10.1007/978-3-030-88428-4_26}
}

@Article{	  boxm58,
  title		= {A note on the generation of random normal deviates},
  author	= {Box, G. E. P. and Muller, Mervin E.},
  journal	= {Ann. Math. Statist.},
  volume	= {29},
  pages		= {610--611},
  year		= {1958},
  doi		= {10.1214/aoms/1177706645}
}

@Article{	  dufw20,
  author    = {Yusong Du and
               Baoying Fan and
               Baodian Wei},
  title     = {An improved exact sampling algorithm for the standard normal distribution},
  journal   = {Comput. Stat.},
  volume    = {37},
  number    = {2},
  pages     = {721--737},
  year      = {2022},
  url       = {https://doi.org/10.1007/s00180-021-01136-w},
  doi       = {10.1007/s00180-021-01136-w}
}

@Article{	  karney16,
  title		= {Sampling exactly from the normal distribution},
  author	= {Karney, Charles FF},
  journal	= {ACM Transactions on Mathematical Software (TOMS)},
  volume	= {42},
  number	= {1},
  pages		= {1--14},
  year		= {2016},
  publisher	= {ACM New York, NY, USA},
  doi      	= {10.1145/2710016},
}

@Article{	  gazeaump16,
  title		= {Preserving differential privacy under finite-precision
		  semantics},
  author	= {Gazeau, Ivan and Miller, Dale and Palamidessi, Catuscia},
  journal	= {Theoretical Computer Science},
  volume	= {655},
  pages		= {92--108},
  year		= {2016},
  publisher	= {Elsevier},
  doi      	= {10.1016/j.tcs.2016.01.015},
}

@inproceedings{asoodehlcks20,
  author    = {Shahab Asoodeh and
               Jiachun Liao and
               Fl{\'{a}}vio P. Calmon and
               Oliver Kosut and
               Lalitha Sankar},
  title     = {A Better Bound Gives a Hundred Rounds: Enhanced Privacy Guarantees
               via f-Divergences},
  booktitle = {{IEEE} International Symposium on Information Theory, {ISIT} 2020,
               Los Angeles, CA, USA, June 21-26, 2020},
  pages     = {920--925},
  publisher = {{IEEE}},
  year      = {2020},
  url       = {https://doi.org/10.1109/ISIT44484.2020.9174015},
  doi       = {10.1109/ISIT44484.2020.9174015}
}

@inproceedings{ilvento19,
  author    = {Christina Ilvento},
  editor    = {Jay Ligatti and
               Xinming Ou and
               Jonathan Katz and
               Giovanni Vigna},
  title     = {Implementing the Exponential Mechanism with Base-2 Differential Privacy},
  booktitle = {{CCS} '20: 2020 {ACM} {SIGSAC} Conference on Computer and Communications
               Security, Virtual Event, USA, November 9-13, 2020},
  pages     = {717--742},
  publisher = {{ACM}},
  year      = {2020},
  url       = {https://doi.org/10.1145/3372297.3417269},
  doi       = {10.1145/3372297.3417269}
}

@InProceedings{	  mironov12,
  author	= {Mironov, Ilya},
  title		= {On Significance of the Least Significant Bits for
		  Differential Privacy},
  year		= {2012},
  isbn		= {9781450316514},
  publisher	= {Association for Computing Machinery},
  address	= {New York, NY, USA},
  url		= {https://doi.org/10.1145/2382196.2382264},
  doi		= {10.1145/2382196.2382264},
  booktitle	= {Proceedings of the 2012 ACM Conference on Computer and
		  Communications Security},
  pages		= {650–661},
  numpages	= {12},
  keywords	= {floating point arithmetic, differential privacy},
  location	= {Raleigh, North Carolina, USA},
  series	= {CCS ’12}
}

@Article{	  BalcerV17,
  author    = {Victor Balcer and
               Salil P. Vadhan},
  title     = {Differential Privacy on Finite Computers},
  journal   = {J. Priv. Confidentiality},
  volume    = {9},
  number    = {2},
  year      = {2019},
  url       = {https://doi.org/10.29012/jpc.679},
  doi       = {10.29012/jpc.679}
}

@InProceedings{	  gentrypv08,
  author	= {Craig Gentry and Chris Peikert and Vinod Vaikuntanathan},
  title		= {Trapdoors for hard lattices and new cryptographic
		  constructions},
  booktitle	= {{STOC}},
  pages		= {197--206},
  publisher	= {{ACM}},
  year		= {2008},
  doi       	= {10.1145/1374376.1374407},
}

@Article{	  aggarwalr16,
  author	= {Aggarwal, Divesh and Regev, Oded},
  title		= {A note on discrete {G}aussian combinations of lattice
		  vectors},
  journal	= {Chic. J. Theoret. Comput. Sci.},
  fjournal	= {Chicago Journal of Theoretical Computer Science},
  year		= {2016},
  pages		= {Art. 7, 11},
  mrclass	= {60F05 (60C05)},
  mrnumber	= {3512903},
  mrreviewer	= {Elisabetta Candellero},
  doi		= {10.4086/cjtcs.2016.007},
  url		= {https://doi.org/10.4086/cjtcs.2016.007}
}

@InCollection{	  peikert10,
  author	= {Peikert, Chris},
  title		= {An efficient and parallel {G}aussian sampler for
		  lattices},
  booktitle	= {Advances in cryptology---{CRYPTO} 2010},
  series	= {Lecture Notes in Comput. Sci.},
  volume	= {6223},
  pages		= {80--97},
  publisher	= {Springer, Berlin},
  year		= {2010},
  mrclass	= {94A60},
  mrnumber	= {2725589},
  doi		= {10.1007/978-3-642-14623-7_5},
  url		= {https://doi.org/10.1007/978-3-642-14623-7_5}
}

@PhDThesis{	  stephens-davidowitz17,
  type		= {PhD Thesis},
  title		= {On the Gaussian measure over lattices},
  school	= {New York University},
  author	= {{Stephens-Davidowitz}, Noah},
  year		= {2017},
  url       = {https://cs.nyu.edu/media/publications/stephens-davidowitz_noah.pdf},
}

@incollection{vonneumann51,
title     = {Various Techniques Used in Connection with Random Digits},
author    = {von Neumann, John},
booktitle = {Monte Carlo Method},
editor    = {Householder, A.~S. and Forsythe, G.~E. and Germond, H.~H.},
series    = {National Bureau of Standards Applied Mathematics Series},
volume    = {12},
chapter   = {13},
pages     = {36--38},
year      = {1951},
publisher = {US Government Printing Office},
address   = {Washington, DC},
url 	  = {https://mcnp.lanl.gov/pdf_files/nbs_vonneumann.pdf}
}

@Article{	  forsythe72,
  title		= {Von Neumann's comparison method for random sampling from
		  the normal and other distributions},
  author	= {Forsythe, George E},
  journal	= {Mathematics of Computation},
  volume	= {26},
  number	= {120},
  pages		= {817--826},
  year		= {1972},
  doi		= {10.2307/2005864}
}

@Article{	  dworkr16,
  title		= {Concentrated differential privacy},
  author	= {Dwork, Cynthia and Rothblum, Guy N},
  journal	= {arXiv preprint arXiv:1603.01887},
  year		= {2016},
  url 		= {http://arxiv.org/abs/1603.01887}
}

@Misc{		  poisson,
  title		= {Poisson Summation Formula},
  howpublished	= {Proof Wiki},
  url		= {https://proofwiki.org/wiki/Poisson_Summation_Formula}
}

@Misc{		  poisson2,
  author	= {Weisstein, Eric W.},
  title		= {Poisson Sum Formula.},
  howpublished	= {MathWorld--A Wolfram Web Resource},
  url		= {https://mathworld.wolfram.com/PoissonSumFormula.html}
}

@Article{	  ghoshrs12,
  title		= {Universally utility-maximizing privacy mechanisms},
  author	= {Ghosh, Arpita and Roughgarden, Tim and Sundararajan,
		  Mukund},
  journal	= {SIAM Journal on Computing},
  volume	= {41},
  number	= {6},
  pages		= {1673--1693},
  year		= {2012},
  publisher	= {SIAM},
  doi       = {10.1137/09076828X}
}

@inproceedings{ballew18,
  author    = {Borja Balle and
               Yu{-}Xiang Wang},
  editor    = {Jennifer G. Dy and
               Andreas Krause},
  title     = {Improving the Gaussian Mechanism for Differential Privacy: Analytical
               Calibration and Optimal Denoising},
  booktitle = {Proceedings of the 35th International Conference on Machine Learning,
               {ICML} 2018, Stockholmsm{\"{a}}ssan, Stockholm, Sweden, July
               10-15, 2018},
  series    = {Proceedings of Machine Learning Research},
  volume    = {80},
  pages     = {403--412},
  publisher = {{PMLR}},
  year      = {2018},
  url       = {http://proceedings.mlr.press/v80/balle18a.html}
}

@Article{	  sasonv16,
  title		= {$f$ -Divergence Inequalities},
  volume	= {62},
  issn		= {1557-9654},
  url		= {https://doi.org/10.1109/TIT.2016.2603151},
  doi		= {10.1109/TIT.2016.2603151},
  number	= {11},
  journal	= {IEEE Transactions on Information Theory},
  publisher	= {Institute of Electrical and Electronics Engineers (IEEE)},
  author	= {Sason, Igal and Verdu, Sergio},
  year		= {2016},
  month		= {Nov},
  pages		= {5973–6006}
}

@PhDThesis{	  liu18,
  title		= {Information theory from a functional viewpoint},
  author	= {Liu, Jingbo},
  year		= {2018},
  school	= {Princeton University},
  URL =
              {http://gateway.proquest.com/openurl?url_ver=Z39.88-2004&rft_val_fmt=info:ofi/fmt:kev:mtx:dissertation&res_dat=xri:pqm&rft_dat=xri:pqdiss:10685999}
}


@InProceedings{	  dworkrv10,
  title		= {Boosting and differential privacy},
  author	= {Dwork, Cynthia and Rothblum, Guy N and Vadhan, Salil},
  booktitle	= {2010 IEEE 51st Annual Symposium on Foundations of Computer
		  Science},
  pages		= {51--60},
  year		= {2010},
  organization	= {IEEE},
  doi       = {10.1109/FOCS.2010.12}
}

@InProceedings{	  mironov17,
  title		= {R{\'e}nyi differential privacy},
  author	= {Mironov, Ilya},
  booktitle	= {2017 IEEE 30th Computer Security Foundations Symposium
		  (CSF)},
  pages		= {263--275},
  year		= {2017},
  organization	= {IEEE},
  doi       = {10.1109/CSF.2017.11}
}

@Misc{		  dongrs19,
  title		= {Gaussian Differential Privacy},
  author	= {Jinshuo Dong and Aaron Roth and Weijie J. Su},
  year		= {2019},
  eprint	= {1905.02383},
  archiveprefix	= {arXiv},
  primaryclass	= {cs.LG},
  url       = {http://arxiv.org/abs/1905.02383},
}

@Article{	  kairouzov17,
  author    = {Peter Kairouz and
               Sewoong Oh and
               Pramod Viswanath},
  title     = {The Composition Theorem for Differential Privacy},
  journal   = {{IEEE} Trans. Inf. Theory},
  volume    = {63},
  number    = {6},
  pages     = {4037--4049},
  year      = {2017},
  url       = {https://doi.org/10.1109/TIT.2017.2685505},
  doi       = {10.1109/TIT.2017.2685505},
}

@article{murtaghv16,
  author    = {Jack Murtagh and
               Salil P. Vadhan},
  title     = {The Complexity of Computing the Optimal Composition of Differential
               Privacy},
  journal   = {Theory Comput.},
  volume    = {14},
  number    = {1},
  pages     = {1--35},
  year      = {2018},
  url       = {https://doi.org/10.4086/toc.2018.v014a008},
  doi       = {10.4086/toc.2018.v014a008},
}

@InProceedings{	  abadicgmmtz16,
  title		= {Deep learning with differential privacy},
  author	= {Abadi, Martin and Chu, Andy and Goodfellow, Ian and
		  McMahan, H Brendan and Mironov, Ilya and Talwar, Kunal and
		  Zhang, Li},
  booktitle	= {Proceedings of the 2016 ACM SIGSAC Conference on Computer
		  and Communications Security},
  pages		= {308--318},
  year		= {2016},
  doi       = {10.1145/2976749.2978318},
}

@InProceedings{	  bassilyst14,
  title		= {Private empirical risk minimization: Efficient algorithms
		  and tight error bounds},
  author	= {Bassily, Raef and Smith, Adam and Thakurta, Abhradeep},
  booktitle	= {2014 IEEE 55th Annual Symposium on Foundations of Computer
		  Science},
  pages		= {464--473},
  year		= {2014},
  organization	= {IEEE},
  doi       = {10.1109/FOCS.2014.56},
}

@Article{	  covington19,
  author	= {Christian Covington},
  title		= {Snapping Mechanism Notes},
  year		= {2019},
  note		= {\url{https://github.com/ctcovington/floating_point/blob/master/snapping_mechanism/notes/snapping_implementation_notes.pdf}}
}

@Article{	  regev09,
  title		= {On lattices, learning with errors, random linear codes,
		  and cryptography},
  author	= {Regev, Oded},
  journal	= {Journal of the ACM (JACM)},
  volume	= {56},
  number	= {6},
  pages		= {1--40},
  year		= {2009},
  publisher	= {ACM New York, NY, USA},
  doi       = {10.1145/1568318.1568324}
}

@inproceedings{zhaoss19,
  author    = {Raymond K. Zhao and
               Ron Steinfeld and
               Amin Sakzad},
  editor    = {Jintai Ding and
               Jean{-}Pierre Tillich},
  title     = {{COSAC:} COmpact and Scalable Arbitrary-Centered Discrete Gaussian
               Sampling over Integers},
  booktitle = {Post-Quantum Cryptography - 11th International Conference, PQCrypto
               2020, Paris, France, April 15-17, 2020, Proceedings},
  series    = {Lecture Notes in Computer Science},
  volume    = {12100},
  pages     = {284--303},
  publisher = {Springer},
  year      = {2020},
  url       = {https://doi.org/10.1007/978-3-030-44223-1_16},
  doi       = {10.1007/978-3-030-44223-1_16},
}

@InProceedings{	  agarwalsykm18,
  title		= {cpSGD: Communication-efficient and differentially-private
		  distributed SGD},
  author	= {Agarwal, Naman and Suresh, Ananda Theertha and Yu, Felix
		  Xinnan X and Kumar, Sanjiv and McMahan, Brendan},
  booktitle	= {Advances in Neural Information Processing Systems},
  pages		= {7564--7575},
  year		= {2018},
  url       = {https://proceedings.neurips.cc/paper/2018/hash/21ce689121e39821d07d04faab328370-Abstract.html},
}

@Article{	  rivasplata12,
  title		= {Subgaussian random variables: An expository note},
  author	= {Rivasplata, Omar},
  year		= {2012},
  url		= {http://www.stat.cmu.edu/~arinaldo/36788/subgaussians.pdf},
  
}

@InProceedings{	  scheinwszw19,
  title		= {Locally Private {B}ayesian Inference for Count Models},
  author	= {Schein, Aaron and Wu, Zhiwei Steven and Schofield,
		  Alexandra and Zhou, Mingyuan and Wallach, Hanna},
  booktitle	= {Proceedings of the 36th International Conference on
		  Machine Learning},
  pages		= {5638--5648},
  year		= {2019},
  editor	= {Chaudhuri, Kamalika and Salakhutdinov, Ruslan},
  volume	= {97},
  series	= {Proceedings of Machine Learning Research},
  address	= {Long Beach, California, USA},
  month		= {09--15 Jun},
  publisher	= {PMLR},
  pdf		= {http://proceedings.mlr.press/v97/schein19a/schein19a.pdf},
  url		= {http://proceedings.mlr.press/v97/schein19a.html},
}

@InProceedings{	  dinurn03,
  title		= {Revealing information while preserving privacy},
  author	= {Dinur, Irit and Nissim, Kobbi},
  booktitle	= {Proceedings of the twenty-second ACM SIGMOD-SIGACT-SIGART
		  symposium on Principles of database systems},
  pages		= {202--210},
  year		= {2003},
  url       = {https://doi.org/10.1145/773153.773173},
  doi       = {10.1145/773153.773173},
}

@Misc{		  googledgauss,
  title		= {Secure Noise Generation},
  author	= {{Google Differential Privacy Team}},
  month		= {June},
  year		= {2020},
  note		= {\url{https://github.com/google/differential-privacy/blob/master/common_docs/Secure_Noise_Generation.pdf}}
}

@Article{	  dworkr14,
  title		= {The algorithmic foundations of differential privacy},
  author	= {Dwork, Cynthia and Roth, Aaron},
  journal	= {Foundations and Trends in Theoretical Computer Science},
  volume	= {9},
  number	= {3-4},
  pages		= {211--407},
  year		= {2014},
  url       = {https://doi.org/10.1561/0400000042},
  doi       = {10.1561/0400000042},
}

@Misc{		  dgaussgithub,
  note		= {\url{https://github.com/IBM/discrete-gaussian-differential-privacy}},
  year		= {2020},
  key		= {Discrete Gaussian IBM GitHub}
}

@Misc{		  googlecomposition,
  note		= {\url{https://perma.cc/HBY5-KGGC}},
  year		= {2020},
  month		= {June},
  author	= {{Google Differential Privacy Team}},
  title		= {Privacy Loss Distributions}
}

@InProceedings{	  meiserm18,
  title		= {Tight on budget? tight bounds for r-fold approximate
		  differential privacy},
  author	= {Meiser, Sebastian and Mohammadi, Esfandiar},
  booktitle	= {Proceedings of the 2018 ACM SIGSAC Conference on Computer
		  and Communications Security},
  pages		= {247--264},
  year		= {2018},
  url       = {https://doi.org/10.1145/3243734.3243765},
  doi       = {10.1145/3243734.3243765},
}

@inproceedings{nissimrs07,
  author    = {Kobbi Nissim and
               Sofya Raskhodnikova and
               Adam D. Smith},
  editor    = {David S. Johnson and
               Uriel Feige},
  title     = {Smooth sensitivity and sampling in private data analysis},
  booktitle = {Proceedings of the 39th Annual {ACM} Symposium on Theory of Computing,
               San Diego, California, USA, June 11-13, 2007},
  pages     = {75--84},
  publisher = {{ACM}},
  year      = {2007},
  url       = {https://doi.org/10.1145/1250790.1250803},
  doi       = {10.1145/1250790.1250803},
}

@InProceedings{	  buns19,
  title		= {Average-case averages: Private algorithms for smooth
		  sensitivity and mean estimation},
  author	= {Bun, Mark and Steinke, Thomas},
  booktitle	= {Advances in Neural Information Processing Systems},
  pages		= {181--191},
  year		= {2019},
  url       = {https://proceedings.neurips.cc/paper/2019/hash/3ef815416f775098fe977004015c6193-Abstract.html},
}

@Book{		  williams91,
  author	= {Williams, David},
  title		= {Probability with martingales},
  series	= {Cambridge Mathematical Textbooks},
  publisher	= {Cambridge University Press, Cambridge},
  year		= {1991},
  pages		= {xvi+251},
  isbn		= {0-521-40455-X; 0-521-40605-6},
  mrclass	= {60-01 (60G42)},
  mrnumber	= {1155402},
  mrreviewer	= {Jia Gang Wang},
  doi		= {10.1017/CBO9780511813658},
  url		= {https://doi.org/10.1017/CBO9780511813658}
}

@Misc{		  garfinkell20,
  title		= {Randomness Concerns When Deploying Differential Privacy},
  author	= {Simson L. Garfinkel and Philip Leclerc},
  year		= {2020},
  eprint	= {2009.03777},
  archiveprefix	= {arXiv},
  primaryclass	= {cs.CR},
  url       = {https://arxiv.org/abs/2009.03777},
}

@Misc{		  gumbel,
  author	= {Ryan Adams},
  year		= {2013},
  title		= {The Gumbel-Max Trick for Discrete Distributions},
  howpublished	= {\url{https://lips.cs.princeton.edu/the-gumbel-max-trick-for-discrete-distributions/}}
}

@Article{	  mccullagh94,
  author	= { Peter McCullagh },
  title		= {Does the Moment-Generating Function Characterize a
		  Distribution?},
  journal	= {The American Statistician},
  volume	= {48},
  number	= {3},
  pages		= {208-208},
  year		= {1994},
  publisher	= {Taylor & Francis},
  doi		= {10.1080/00031305.1994.10476058},
  url		= {
		  https://www.tandfonline.com/doi/abs/10.1080/00031305.1994.10476058
		  
		  },
  eprint	= {
		  https://www.tandfonline.com/doi/pdf/10.1080/00031305.1994.10476058
		  
		  }
}

@Misc{		  koskelajph20,
  title		= {Tight Approximate Differential Privacy for Discrete-Valued
		  Mechanisms Using FFT},
  author	= {Antti Koskela and Joonas Jälkö and Lukas Prediger and
		  Antti Honkela},
  year		= {2020},
  eprint	= {2006.07134},
  archiveprefix	= {arXiv},
  primaryclass	= {stat.ML},
  url       = {https://arxiv.org/abs/2006.07134},
}

@inproceedings{mckennas20,
  author    = {Ryan McKenna and
               Daniel Sheldon},
  editor    = {Hugo Larochelle and
               Marc'Aurelio Ranzato and
               Raia Hadsell and
               Maria{-}Florina Balcan and
               Hsuan{-}Tien Lin},
  title     = {Permute-and-Flip: {A} new mechanism for differentially private selection},
  booktitle = {Advances in Neural Information Processing Systems 33: Annual Conference
               on Neural Information Processing Systems 2020, NeurIPS 2020, December
               6-12, 2020, virtual},
  year      = {2020},
  url       = {https://proceedings.neurips.cc/paper/2020/hash/01e00f2f4bfcbb7505cb641066f2859b-Abstract.html},
}

@InProceedings{	  kairouzls21,
  title		= {The Distributed Discrete Gaussian Mechanism for Federated
		  Learning with Secure Aggregation},
  author	= {Peter Kairouz and Ziyu Liu and Thomas Steinke},
  booktitle	= {{ICML}},
  series	= {Proceedings of Machine Learning Research},
  volume	= {139},
  pages		= {5201--5212},
  publisher	= {{PMLR}},
  year		= {2021},
  url       = {http://proceedings.mlr.press/v139/kairouz21a.html},
}

@Article{	  jinmro21,
  author	= {Jiankai Jin and Eleanor McMurtry and Benjamin I. P.
		  Rubinstein and Olga Ohrimenko},
  title		= {Are We There Yet? Timing and Floating-Point Attacks on
		  Differential Privacy Systems},
  journal	= {CoRR},
  volume	= {abs/2112.05307},
  year		= {2021},
  url       = {https://arxiv.org/abs/2112.05307},
}

@Misc{		  das21,
  title		= {{DAS} Implementation Overview},
  url		= {https://github.com/uscensusbureau/DAS_2020_Redistricting_Production_Code/wiki/DAS-Implementation-Overview},
  year		= {2021},
  urldate   = {2022-01-29},
  notex		= {URL:
		  \url{https://github.com/uscensusbureau/DAS_2020_Redistricting_Production_Code/wiki/DAS-Implementation-Overview}
		  (Accessed on 01-29-2022)},
  key		= {{USCensusBureau}}
}

@InProceedings{	  cks20,
  title		= {The Discrete {G}aussian for Differential Privacy},
  author	= {Canonne, Cl\'ement L. and Kamath, Gautam and Steinke,
		  Thomas},
  booktitle	= {Advances in Neural Information Processing Systems 33},
  series	= {NeurIPS '20},
  year		= {2020},
  pages		= {15676--15688},
  publisher	= {Curran Associates, Inc.},
  url       = {https://proceedings.neurips.cc/paper/2020/hash/b53b3a3d6ab90ce0268229151c9bde11-Abstract.html},
}

@InProceedings{	  agarwalkl21,
  title		= {The {S}kellam Mechanism for Differentially Private
		  Federated Learning},
  author	= {Agarwal, Naman and Kairouz, Peter and Liu, Ziyu},
  booktitle	= {Advances in Neural Information Processing Systems 34},
  series	= {NeurIPS '21},
  year		= {2021},
  publisher	= {Curran Associates, Inc.},
  url       = {https://proceedings.neurips.cc/paper/2021/hash/285baacbdf8fda1de94b19282acd23e2-Abstract.html},
}

@Misc{		  bao2022distributed,
  title		= {Distributed Skellam Mechanism: a Novel Approach to
		  Federated Learning with Differential Privacy},
  author	= {Ergute Bao and Yizheng Zhu and Xiaokui Xiao and Yin Yang
		  and Beng Chin Ooi and Benjamin Hong Meng Tan and Khin Mi Mi
		  Aung},
  year		= {2022},
  url		= {https://openreview.net/forum?id=gWGexz8hFH}
}

@InProceedings{	  mcsherry09,
  author	= {McSherry, Frank},
  title		= {Privacy Integrated Queries: An Extensible Platform for
		  Privacy-Preserving Data Analysis},
  booktitle	= {Proceedings of the 2009 ACM SIGMOD International
		  Conference on Management of Data},
  series	= {SIGMOD '09},
  year		= {2009},
  pages		= {19--30},
  publisher	= {ACM},
  address	= {New York, NY, USA},
  url       = {https://doi.org/10.1145/1559845.1559850},
  doi       = {10.1145/1559845.1559850},
}

@InProceedings{	  dworkmns06,
  author	= {Dwork, Cynthia and McSherry, Frank and Nissim, Kobbi and
		  Smith, Adam},
  title		= {Calibrating Noise to Sensitivity in Private Data
		  Analysis},
  booktitle	= {Proceedings of the Third Conference on Theory of
		  Cryptography},
  series	= {TCC'06},
  year		= {2006},
  isbn		= {3-540-32731-2, 978-3-540-32731-8},
  location	= {New York, NY},
  pages		= {265--284},
  numpages	= {20},
  url		= {http://dx.doi.org/10.1007/11681878_14},
  doi		= {10.1007/11681878_14},
  acmid		= {2180305},
  publisher	= {Springer-Verlag},
  address	= {Berlin, Heidelberg}
}

@InProceedings{	  buns16,
  title		= {Concentrated differential privacy: Simplifications,
		  extensions, and lower bounds},
  author	= {Bun, Mark and Steinke, Thomas},
  booktitle	= {Theory of Cryptography Conference},
  pages		= {635--658},
  year		= {2016},
  organization	= {Springer},
  url       = {https://doi.org/10.1007/978-3-662-53641-4_24},
  doi       = {10.1007/978-3-662-53641-4_24},
}

@Article{	  zhudw21,
  title		= {Optimal Accounting of Differential Privacy via
		  Characteristic Function},
  author	= {Zhu, Yuqing and Dong, Jinshuo and Wang, Yu-Xiang},
  journal	= {arXiv preprint arXiv:2106.08567},
  year		= {2021},
  url       = {https://arxiv.org/abs/2106.08567},
}

@InProceedings{	  dworkkmmn06,
  title		= {Our data, ourselves: Privacy via distributed noise
		  generation},
  author	= {Dwork, Cynthia and Kenthapadi, Krishnaram and McSherry,
		  Frank and Mironov, Ilya and Naor, Moni},
  booktitle	= {Annual International Conference on the Theory and
		  Applications of Cryptographic Techniques},
  pages		= {486--503},
  year		= {2006},
  url       = {https://doi.org/10.1007/11761679_29},
  doi       = {10.1007/11761679_29},
  organization	= {Springer}
}

@InProceedings{	  bundrs18,
  title		= {Composable and versatile privacy via truncated CDP},
  author	= {Bun, Mark and Dwork, Cynthia and Rothblum, Guy N and
		  Steinke, Thomas},
  booktitle	= {Proceedings of the 50th Annual ACM SIGACT Symposium on
		  Theory of Computing},
  pages		= {74--86},
  year		= {2018},
  url       = {https://doi.org/10.1145/3188745.3188946},
  doi       = {10.1145/3188745.3188946},
}
