@article{HolohanB21,
  title={Secure Random Sampling in Differential Privacy},
  author={Holohan, Naoise and Braghin, Stefano},
  journal={arXiv preprint arXiv:2107.10138},
  year={2021}
}

@article{BoxM58,
  title={A note on the generation of random normal deviates},
  author={Box, G. E. P. and Muller, Mervin E.},
  journal={Ann. Math. Statist.},
  volume={29},
  pages={610--611},
  year={1958}
}

@article{DuFW20,
  title={An Improved Exact Sampling Algorithm for the Standard Normal Distribution},
  author={Du, Yusong and Fan, Baoying and Wei, Baodian},
  journal={arXiv preprint arXiv:2008.03855},
  year={2020}
}

@article{Karney16,
  title={Sampling exactly from the normal distribution},
  author={Karney, Charles FF},
  journal={ACM Transactions on Mathematical Software (TOMS)},
  volume={42},
  number={1},
  pages={1--14},
  year={2016},
  publisher={ACM New York, NY, USA}
}

@article{GazeauMP16,
  title={Preserving differential privacy under finite-precision semantics},
  author={Gazeau, Ivan and Miller, Dale and Palamidessi, Catuscia},
  journal={Theoretical Computer Science},
  volume={655},
  pages={92--108},
  year={2016},
  publisher={Elsevier}
}

@article{AsoodehLCKS20,
  title={A Better Bound Gives a Hundred Rounds: Enhanced Privacy Guarantees via $ f $-Divergences},
  author={Asoodeh, Shahab and Liao, Jiachun and Calmon, Flavio P and Kosut, Oliver and Sankar, Lalitha},
  journal={arXiv preprint arXiv:2001.05990},
  year={2020}
}

@article{Ilvento19,
  title={Implementing the Exponential Mechanism with Base-2 Differential Privacy},
  author={Ilvento, Christina},
  journal={arXiv preprint arXiv:1912.04222},
  year={2019}
}

@inproceedings{Mironov12,
author = {Mironov, Ilya},
title = {On Significance of the Least Significant Bits for Differential Privacy},
year = {2012},
isbn = {9781450316514},
publisher = {Association for Computing Machinery},
address = {New York, NY, USA},
url = {https://doi.org/10.1145/2382196.2382264},
doi = {10.1145/2382196.2382264},
booktitle = {Proceedings of the 2012 ACM Conference on Computer and Communications Security},
pages = {650–661},
numpages = {12},
keywords = {floating point arithmetic, differential privacy},
location = {Raleigh, North Carolina, USA},
series = {CCS ’12}
}

@article{GengKOV15,
  title={The staircase mechanism in differential privacy},
  author={Geng, Quan and Kairouz, Peter and Oh, Sewoong and Viswanath, Pramod},
  journal={IEEE Journal of Selected Topics in Signal Processing},
  volume={9},
  number={7},
  pages={1176--1184},
  year={2015},
  publisher={IEEE}
}

@article{BalcerV17,
  title={Differential privacy on finite computers},
  author={Balcer, Victor and Vadhan, Salil},
  journal={arXiv preprint arXiv:1709.05396},
  year={2017}
}

@article{KuoCKHM18,
  title={Differentially private hierarchical count-of-counts histograms},
  author={Kuo, Yu-Hsuan and Chiu, Cho-Chun and Kifer, Daniel and Hay, Michael and Machanavajjhala, Ashwin},
  journal={Proceedings of the VLDB Endowment},
  volume={11},
  number={11},
  pages={1509--1521},
  year={2018},
  publisher={VLDB Endowment}
}

@misc{Abowd18,
author={John M. Abowd},
year={2018},
title={Disclosure Avoidance for Block
Level Data and Protection of
Confidentiality in Public
Tabulations},
note={\url{https://www2.census.gov/cac/sac/meetings/2018-12/abowd-disclosure-avoidance.pdf}},
}

@inproceedings{GentryPV08,
  author    = {Craig Gentry and
               Chris Peikert and
               Vinod Vaikuntanathan},
  title     = {Trapdoors for hard lattices and new cryptographic constructions},
  booktitle = {{STOC}},
  pages     = {197--206},
  publisher = {{ACM}},
  year      = {2008}
}

@article {AggarwalR16,
    AUTHOR = {Aggarwal, Divesh and Regev, Oded},
     TITLE = {A note on discrete {G}aussian combinations of lattice vectors},
   JOURNAL = {Chic. J. Theoret. Comput. Sci.},
  FJOURNAL = {Chicago Journal of Theoretical Computer Science},
      YEAR = {2016},
     PAGES = {Art. 7, 11},
   MRCLASS = {60F05 (60C05)},
  MRNUMBER = {3512903},
MRREVIEWER = {Elisabetta Candellero},
       DOI = {10.4086/cjtcs.2016.007},
       URL = {https://doi.org/10.4086/cjtcs.2016.007},
}

@incollection {Peikert10,
    AUTHOR = {Peikert, Chris},
     TITLE = {An efficient and parallel {G}aussian sampler for lattices},
 BOOKTITLE = {Advances in cryptology---{CRYPTO} 2010},
    SERIES = {Lecture Notes in Comput. Sci.},
    VOLUME = {6223},
     PAGES = {80--97},
 PUBLISHER = {Springer, Berlin},
      YEAR = {2010},
   MRCLASS = {94A60},
  MRNUMBER = {2725589},
       DOI = {10.1007/978-3-642-14623-7_5},
       URL = {https://doi.org/10.1007/978-3-642-14623-7_5},
}

@phdthesis{Stephens-Davidowitz17,
  type = {PhD Thesis},
  title = {On the Gaussian measure over lattices},
  school = {New York University},
  author = {{Stephens-Davidowitz}, Noah},
  year = {2017}
}

@article{vonNeumann51,
  title={13. various techniques used in connection with random digits},
  author={Von Neumann, John},
  journal={Appl. Math Ser},
  volume={12},
  number={36-38},
  pages={5},
  year={1951}
}
@article{Forsythe72,
  title={Von Neumann’s comparison method for random sampling from the normal and other distributions},
  author={Forsythe, George E},
  journal={Mathematics of Computation},
  volume={26},
  number={120},
  pages={817--826},
  year={1972}
}

@article{DworkR16,
  title={Concentrated differential privacy},
  author={Dwork, Cynthia and Rothblum, Guy N},
  journal={arXiv preprint arXiv:1603.01887},
  year={2016}
}

@MISC{math.se,
    TITLE = {Is $\sum_{n \in \mathbb{Z}} e^{-(n-\mu)^2/2\sigma^2} \le \sum_{n \in \mathbb{Z}} e^{-n^2/2\sigma^2}$ for all $\mu$ and all $\sigma$?},
    AUTHOR = {J.G},
    year={2020},
    HOWPUBLISHED = {Mathematics Stack Exchange},
    URL = {https://math.stackexchange.com/q/3596509}
}

@misc{poisson,
title={Poisson Summation Formula},
howpublished={Proof Wiki},
url={https://proofwiki.org/wiki/Poisson_Summation_Formula},
}
@misc{poisson2,
author={Weisstein, Eric W.}, 
title={Poisson Sum Formula.},
howpublished={MathWorld--A Wolfram Web Resource}, url={https://mathworld.wolfram.com/PoissonSumFormula.html},
}

@article{GhoshRS12,
  title={Universally utility-maximizing privacy mechanisms},
  author={Ghosh, Arpita and Roughgarden, Tim and Sundararajan, Mukund},
  journal={SIAM Journal on Computing},
  volume={41},
  number={6},
  pages={1673--1693},
  year={2012},
  publisher={SIAM}
}

@misc{BalleW18,
    title={Improving the Gaussian Mechanism for Differential Privacy: Analytical Calibration and Optimal Denoising},
    author={Borja Balle and Yu-Xiang Wang},
    year={2018},
    eprint={1805.06530},
    archivePrefix={arXiv},
    primaryClass={cs.LG}
}

@article{SasonV16,
   title={$f$ -Divergence Inequalities},
   volume={62},
   ISSN={1557-9654},
   url={http://dx.doi.org/10.1109/TIT.2016.2603151},
   DOI={10.1109/tit.2016.2603151},
   number={11},
   journal={IEEE Transactions on Information Theory},
   publisher={Institute of Electrical and Electronics Engineers (IEEE)},
   author={Sason, Igal and Verdu, Sergio},
   year={2016},
   month={Nov},
   pages={5973–6006}
}

@phdthesis{Liu18,
  title={Information theory from a functional viewpoint},
  author={Liu, Jingbo},
  year={2018},
  school={Princeton University}
}

@inproceedings{DworkRV10,
  title={Boosting and differential privacy},
  author={Dwork, Cynthia and Rothblum, Guy N and Vadhan, Salil},
  booktitle={2010 IEEE 51st Annual Symposium on Foundations of Computer Science},
  pages={51--60},
  year={2010},
  organization={IEEE}
}

@inproceedings{Mironov17,
  title={R{\'e}nyi differential privacy},
  author={Mironov, Ilya},
  booktitle={2017 IEEE 30th Computer Security Foundations Symposium (CSF)},
  pages={263--275},
  year={2017},
  organization={IEEE}
}

@misc{DongRS19,
    title={Gaussian Differential Privacy},
    author={Jinshuo Dong and Aaron Roth and Weijie J. Su},
    year={2019},
    eprint={1905.02383},
    archivePrefix={arXiv},
    primaryClass={cs.LG}
}

@article{KairouzOV17,
  title={The composition theorem for differential privacy},
  author={Kairouz, Peter and Oh, Sewoong and Viswanath, Pramod},
  journal={IEEE Transactions on Information Theory},
  volume={63},
  number={6},
  pages={4037--4049},
  year={2017},
  publisher={IEEE}
}

@inproceedings{MurtaghV16,
  title={The complexity of computing the optimal composition of differential privacy},
  author={Murtagh, Jack and Vadhan, Salil},
  booktitle={Theory of Cryptography Conference},
  pages={157--175},
  year={2016},
  organization={Springer}
}

@misc{WhiteNoiseIssue,
author={WhiteNoise},
year={2020},
note={\url{https://github.com/opendifferentialprivacy/whitenoise-core/issues/242}},
}

@misc{CensusPrototype,
author={Census},
year={2018},
note={\url{https://github.com/uscensusbureau/census2020-das-e2e/blob/master/programs/engine/primitives.py}},
}

@misc{IBMDiffPrivLib,
author={DiffPrivLib},
year={2019},
note={\url{https://github.com/IBM/differential-privacy-library/blob/master/diffprivlib/mechanisms/laplace.py}},
}

@misc{GoogleDP,
author={Google},
year={2020},
note={\url{https://github.com/google/differential-privacy/blob/master/differential_privacy/algorithms/distributions.cc}},
}

@inproceedings{AbadiCGMMTZ16,
  title={Deep learning with differential privacy},
  author={Abadi, Martin and Chu, Andy and Goodfellow, Ian and McMahan, H Brendan and Mironov, Ilya and Talwar, Kunal and Zhang, Li},
  booktitle={Proceedings of the 2016 ACM SIGSAC Conference on Computer and Communications Security},
  pages={308--318},
  year={2016}
}

@inproceedings{BassilyST14,
  title={Private empirical risk minimization: Efficient algorithms and tight error bounds},
  author={Bassily, Raef and Smith, Adam and Thakurta, Abhradeep},
  booktitle={2014 IEEE 55th Annual Symposium on Foundations of Computer Science},
  pages={464--473},
  year={2014},
  organization={IEEE}
}

@article{Covington19,
author={Christian Covington},
title={Snapping Mechanism Notes},
year={2019},
note={\url{https://github.com/ctcovington/floating_point/blob/master/snapping_mechanism/notes/snapping_implementation_notes.pdf}},
}

@article{Regev09,
  title={On lattices, learning with errors, random linear codes, and cryptography},
  author={Regev, Oded},
  journal={Journal of the ACM (JACM)},
  volume={56},
  number={6},
  pages={1--40},
  year={2009},
  publisher={ACM New York, NY, USA}
}

@misc{ZhaoSS19,
    author = {Raymond K. Zhao and Ron Steinfeld and Amin Sakzad},
    title = {COSAC: COmpact and Scalable Arbitrary-Centered Discrete Gaussian Sampling over Integers},
    howpublished = {Cryptology ePrint Archive, Report 2019/1011},
    year = {2019},
    note = {\url{https://eprint.iacr.org/2019/1011}},
}



@inproceedings{AgarwalSYKM18,
  title={cpSGD: Communication-efficient and differentially-private distributed SGD},
  author={Agarwal, Naman and Suresh, Ananda Theertha and Yu, Felix Xinnan X and Kumar, Sanjiv and McMahan, Brendan},
  booktitle={Advances in Neural Information Processing Systems},
  pages={7564--7575},
  year={2018}
}

@article{Rivasplata12,
  title={Subgaussian random variables: An expository note},
  author={Rivasplata, Omar},
  year={2012},
  note={\url{http://www.stat.cmu.edu/~arinaldo/36788/subgaussians.pdf}},
}

@InProceedings{ScheinWSZW19,
  title = 	 {Locally Private {B}ayesian Inference for Count Models},
  author = 	 {Schein, Aaron and Wu, Zhiwei Steven and Schofield, Alexandra and Zhou, Mingyuan and Wallach, Hanna},
  booktitle = 	 {Proceedings of the 36th International Conference on Machine Learning},
  pages = 	 {5638--5648},
  year = 	 {2019},
  editor = 	 {Chaudhuri, Kamalika and Salakhutdinov, Ruslan},
  volume = 	 {97},
  series = 	 {Proceedings of Machine Learning Research},
  address = 	 {Long Beach, California, USA},
  month = 	 {09--15 Jun},
  publisher = 	 {PMLR},
  pdf = 	 {http://proceedings.mlr.press/v97/schein19a/schein19a.pdf},
  url = 	 {http://proceedings.mlr.press/v97/schein19a.html},
  abstract = 	 {We present a general and modular method for privacy-preserving Bayesian inference for Poisson factorization, a broad class of models that includes some of the most widely used models in the social sciences. Our method satisfies limited-precision local privacy, a generalization of local differential privacy that we introduce to formulate appropriate privacy guarantees for sparse count data. We present an MCMC algorithm that approximates the posterior distribution over the latent variables conditioned on data that has been locally privatized by the geometric mechanism. Our method is based on two insights: 1) a novel reinterpretation of the geometric mechanism in terms of the Skellam distribution and 2) a general theorem that relates the Skellam and Bessel distributions. We demonstrate our method’s utility using two case studies that involve real-world email data. We show that our method consistently outperforms the commonly used naive approach, wherein inference proceeds as usual, treating the locally privatized data as if it were not privatized.}
}
@inproceedings{DinurN03,
  title={Revealing information while preserving privacy},
  author={Dinur, Irit and Nissim, Kobbi},
  booktitle={Proceedings of the twenty-second ACM SIGMOD-SIGACT-SIGART symposium on Principles of database systems},
  pages={202--210},
  year={2003}
}

@misc{GoogleDGauss,
title={Secure Noise Generation},
author={{Google Differential Privacy Team}},
month={June},
year={2020},
note={\url{https://github.com/google/differential-privacy/blob/master/common_docs/Secure_Noise_Generation.pdf}},
}

@article{DworkR14,
  title={The algorithmic foundations of differential privacy.},
  author={Dwork, Cynthia and Roth, Aaron},
  journal={Foundations and Trends in Theoretical Computer Science},
  volume={9},
  number={3-4},
  pages={211--407},
  year={2014}
}

@misc{DGaussGithub,
note={\url{https://github.com/IBM/discrete-gaussian-differential-privacy}},
year={2020},
key = {Discrete Gaussian IBM GitHub},
}

@misc{GoogleComposition,
note={\url{https://github.com/google/differential-privacy/blob/master/accounting/docs/Privacy_Loss_Distributions.pdf}},
year={2020},
month={June},
author={{Google Differential Privacy Team}},
title={Privacy Loss Distributions},
}
@inproceedings{MeiserM18,
  title={Tight on budget? tight bounds for r-fold approximate differential privacy},
  author={Meiser, Sebastian and Mohammadi, Esfandiar},
  booktitle={Proceedings of the 2018 ACM SIGSAC Conference on Computer and Communications Security},
  pages={247--264},
  year={2018}
}

@inproceedings{NissimRS07,
  title={Smooth sensitivity and sampling in private data analysis},
  author={Nissim, Kobbi and Raskhodnikova, Sofya and Smith, Adam},
  booktitle={Proceedings of the thirty-ninth annual ACM symposium on Theory of computing},
  pages={75--84},
  year={2007}
}
@inproceedings{BunS19,
  title={Average-case averages: Private algorithms for smooth sensitivity and mean estimation},
  author={Bun, Mark and Steinke, Thomas},
  booktitle={Advances in Neural Information Processing Systems},
  pages={181--191},
  year={2019}
}

@book{Williams91,
    AUTHOR = {Williams, David},
     TITLE = {Probability with martingales},
    SERIES = {Cambridge Mathematical Textbooks},
 PUBLISHER = {Cambridge University Press, Cambridge},
      YEAR = {1991},
     PAGES = {xvi+251},
      ISBN = {0-521-40455-X; 0-521-40605-6},
    MRCLASS = {60-01 (60G42)},
  MRNUMBER = {1155402},
MRREVIEWER = {Jia Gang Wang},
        DOI = {10.1017/CBO9780511813658},
        URL = {https://doi.org/10.1017/CBO9780511813658},
}

@misc{GarfinkelL20,
    title={Randomness Concerns When Deploying Differential Privacy},
    author={Simson L. Garfinkel and Philip Leclerc},
    year={2020},
    eprint={2009.03777},
    archivePrefix={arXiv},
    primaryClass={cs.CR}
}

@misc{Gumbel,
author={Ryan Adams},
year={2013},
title={The Gumbel-Max Trick for Discrete Distributions},
howpublished={\url{https://lips.cs.princeton.edu/the-gumbel-max-trick-for-discrete-distributions/}},
}




@article{McCullagh94,
author = { Peter   McCullagh },
title = {Does the Moment-Generating Function Characterize a Distribution?},
journal = {The American Statistician},
volume = {48},
number = {3},
pages = {208-208},
year  = {1994},
publisher = {Taylor & Francis},
doi = {10.1080/00031305.1994.10476058},
URL = { 
        https://www.tandfonline.com/doi/abs/10.1080/00031305.1994.10476058
    
},
eprint = { 
        https://www.tandfonline.com/doi/pdf/10.1080/00031305.1994.10476058
    
},
}

@misc{KoskelaJPH20,
    title={Tight Approximate Differential Privacy for Discrete-Valued Mechanisms Using FFT},
    author={Antti Koskela and Joonas Jälkö and Lukas Prediger and Antti Honkela},
    year={2020},
    eprint={2006.07134},
    archivePrefix={arXiv},
    primaryClass={stat.ML}
}


@misc{McKennaS20,
      title={Permute-and-Flip: A new mechanism for differentially private selection}, 
      author={Ryan McKenna and Daniel Sheldon},
      year={2020},
      eprint={2010.12603},
      archivePrefix={arXiv},
      primaryClass={cs.CR}
}

@inproceedings{KairouzLS21,
  title={The Distributed Discrete Gaussian Mechanism for Federated Learning with Secure Aggregation},
  author    = {Peter Kairouz and
               Ziyu Liu and
               Thomas Steinke},
  booktitle = {{ICML}},
  series    = {Proceedings of Machine Learning Research},
  volume    = {139},
  pages     = {5201--5212},
  publisher = {{PMLR}},
  year      = {2021}
}

@article{JinMRO21,
  author    = {Jiankai Jin and
               Eleanor McMurtry and
               Benjamin I. P. Rubinstein and
               Olga Ohrimenko},
  title     = {Are We There Yet? Timing and Floating-Point Attacks on Differential
               Privacy Systems},
  journal   = {CoRR},
  volume    = {abs/2112.05307},
  year      = {2021}
}

@misc{DAS21,
    title = {{DAS} Implementation Overview},
    url = {https://github.com/uscensusbureau/DAS_2020_Redistricting_Production_Code/wiki/DAS-Implementation-Overview},
    year = {2021},
    note = {URL: \url{https://github.com/uscensusbureau/DAS_2020_Redistricting_Production_Code/wiki/DAS-Implementation-Overview} (Accessed on 01-29-2022)},
    key = {{USCensusBureau}}
}
@inproceedings{CKS20,
  title         = {The Discrete {G}aussian for Differential Privacy},
  author        = {Canonne, Cl\'ement L. and Kamath, Gautam and Steinke, Thomas},
  booktitle     = {Advances in Neural Information Processing Systems 33},
  series        = {NeurIPS '20},
  year          = {2020},
  pages         = {15676--15688},
  publisher     = {Curran Associates, Inc.}
}

@inproceedings{AgarwalKL21,
  title         = {The {S}kellam Mechanism for Differentially Private Federated Learning},
  author        = {Agarwal, Naman and Kairouz, Peter and Liu, Ziyu},
  booktitle     = {Advances in Neural Information Processing Systems 34},
  series        = {NeurIPS '21},
  year          = {2021},
  publisher     = {Curran Associates, Inc.}
}

@misc{
bao2022distributed,
title={Distributed Skellam Mechanism: a Novel Approach to Federated Learning with Differential Privacy},
author={Ergute Bao and Yizheng Zhu and Xiaokui Xiao and Yin Yang and Beng Chin Ooi and Benjamin Hong Meng Tan and Khin Mi Mi Aung},
year={2022},
url={https://openreview.net/forum?id=gWGexz8hFH}
}
